<record><leader>00000cas a2200000Ma 4500</leader><controlfield tag="001">210694125</controlfield><controlfield tag="008">780719d18511861aludr ne      0   a0eng  </controlfield><datafield ind1=" " ind2=" " tag="010"><subfield code="a">sn 84020567 </subfield><subfield code="z">   76642529 </subfield></datafield><datafield ind1=" " ind2=" " tag="040"><subfield code="a">DLC</subfield><subfield code="b">eng</subfield><subfield code="c">AQM</subfield><subfield code="d">OCLCG</subfield><subfield code="d">OCLCQ</subfield></datafield><datafield ind1="0" ind2=" " tag="130"><subfield code="a">Mobile daily register (Mobile, Ala. : 1851)</subfield></datafield><datafield ind1="1" ind2="4" tag="245"><subfield code="a">The Mobile daily register.</subfield></datafield><datafield ind1=" " ind2=" " tag="260"><subfield code="a">Mobile, Ala. :</subfield><subfield code="b">[T. Sanford &amp; Co.</subfield></datafield><datafield ind1=" " ind2=" " tag="300"><subfield code="a">v. :</subfield><subfield code="b">ill. (chiefly advertisements) ;</subfield><subfield code="c">61 cm.</subfield></datafield><datafield ind1=" " ind2=" " tag="310"><subfield code="a">Daily</subfield></datafield><datafield ind1="1" ind2=" " tag="362"><subfield code="a">Began with Jan. 17, 1851 issue; ceased in May 1861.</subfield><subfield code="z">Cf. Amer. newspapers, 1821-1936.</subfield></datafield><datafield ind1=" " ind2=" " tag="500"><subfield code="a">Editor: J. Forsyth.</subfield></datafield><datafield ind1=" " ind2=" " tag="530"><subfield code="a">Also avalable on microfilm from the University of Alabama; Bell &amp; Howell, Micro Photo Div.</subfield></datafield><datafield ind1=" " ind2=" " tag="588"><subfield code="a">Description based on: Vol. 31, no. 7236 (Oct. 23, 1852).</subfield></datafield><datafield ind1=" " ind2="7" tag="655"><subfield code="a">Newspapers.</subfield><subfield code="2">rbgenr</subfield></datafield><datafield ind1="1" ind2=" " tag="700"><subfield code="a">Forsyth, John,</subfield><subfield code="d">1812-1877.</subfield></datafield><datafield ind1=" " ind2=" " tag="752"><subfield code="a">United States</subfield><subfield code="b">Alabama</subfield><subfield code="c">Mobile</subfield><subfield code="d">Mobile.</subfield></datafield><datafield ind1="1" ind2=" " tag="775"><subfield code="t">Mobile weekly register (Mobile, Ala. : 1842)</subfield></datafield><datafield ind1="0" ind2="0" tag="780"><subfield code="t">Mobile register and journal (Mobile, Ala. : 1841)</subfield><subfield code="w">(DLC)   76642528</subfield></datafield><datafield ind1="0" ind2="7" tag="785"><subfield code="t">Mobile daily advertiser</subfield><subfield code="w">(DLC)   76642733</subfield></datafield><datafield ind1="0" ind2="7" tag="785"><subfield code="t">Mobile advertiser and register</subfield><subfield code="w">(DLC)sn 84020066</subfield></datafield></record>